2775 3324
1512 203 1591 259 14

550 368 627 415 ut,
655 359 696 402 si
726 358 827 416 quis
854 368 910 398 ex
937 350 1380 411 ipsorumphratria
1413 361 1575 393 caeam
1609 353 1754 405 esset,
1781 348 2132 402 interfectorem
2153 352 2529 412 jure=perseque=

555 441 718 478 rentur
736 431 795 487 ¹).
1612 437 1616 442 '
2391 464 2399 473 .

664 505 800 563 Quae
829 517 971 563 quum
997 503 1063 546 ita
1094 502 1210 555 sint,
1263 501 1365 559 quis
1396 508 1487 554 est,
1537 499 1652 558 quin
1678 497 1908 557 ejusmodi
1933 497 2150 545 instituto
2182 502 2526 563 antiquissimae
2552 526 2557 529 -

553 582 665 626 artis
695 579 839 624 civilis
873 580 1100 637 egregiam
1130 574 1337 618 indolem
1358 573 1696 632 consiliumque
1718 574 2054 619 nobilissimum
2086 576 2369 621 manifestari
2387 576 2539 622 fateat--

554 658 687 702 turi*>
724 655 778 695 Id
798 664 954 697 tamen
986 652 1107 693 clara
1147 654 1196 692 in
1230 650 1332 691 luce
1364 661 1458 692 tum
1494 649 1679 691 demum
1714 651 1986 707 aspicietur,
2017 664 2181 708 quum,
2210 651 2462 695 nobilitate,
2485 661 2531 697 et

556 732 696 792 plebe
717 727 962 773 ad-eadem
978 740 1105 768 sacra
1127 736 1174 768 et
1197 725 1313 766 festa
1336 722 1684 780 congregandis,
1702 724 1868 766 civium
1889 724 1999 779 juris
2022 738 2310 767 communem
2331 724 2544 783 aliquem-

556 818 728 853 statum
749 802 984 847 efficiendi
1011 799 1250 842 consilium
1275 798 1395 854 juste
1422 799 1710 840 aestimatum
1738 796 1891 841 fuerit.
1925 798 1999 841 .Si
2020 798 2207 856 quidem
2232 795 2534 856 phratriarum
2598 818 2602 822 ²

559 884 876 926 universarum
895 873 1257 918 numerabantur
1275 881 1511 915 trecentae
1527 881 1573 914 et
1590 873 1823 929 sexaginta
1838 882 2014 929 gentes,
2031 872 2312 930 singularum
2325 875 2532 931 gentium

560 956 727 1001 triceni
748 949 964 1010 gentiles,
995 950 1309 990 universarum
1333 944 1485 988 decies
1506 944 1629 988 mille
1653 956 1700 989 et
1721 947 1991 1002 octingenti.
2047 945 2147 988 Jam
2170 947 2532 999 huncbcalculum

562 1047 661 1076 non
694 1038 871 1086 partem
900 1025 1064 1068 civium
1091 1020 1311 1078 aliquam,
1342 1022 1435 1064 imo
1467 1022 1781 1065 universorum
1811 1035 2031 1064 summam
2047 1031 2280 1077 spectasse
2305 1025 2533 1064 e-numeri

563 1102 869 1162 amplitudine
896 1095 1177 1153 conjiciendi
1207 1094 1456 1152 praebetur
1479 1109 1610 1152 ansa;
1643 1097 1690 1139 in
1719 1109 1836 1153 quo,
1869 1095 1996 1153 quod
2019 1109 2115 1139 non
2136 1096 2302 1140 civium
2325 1108 2548 1140 accurata·

562 1176 872 1225 dinumeratio
891 1173 1114 1221 instituta,
1137 1169 1220 1212 sed
1244 1169 1409 1212 divisio
1428 1169 1625 1212 rotunda
1651 1172 1789 1226 magis
1813 1183 1946 1227 quam
1964 1183 2071 1213 —vera
2093 1179 2272 1227 sumpta
2293 1171 2365 1220 sit,
2394 1184 2533 1214 nemo

559 1252 824 1303 mirabitur,
868 1249 948 1305 qui
981 1244 1188 1302 ejusdem
1217 1244 1383 1286 civium
1413 1242 1612 1301 aliquem
1639 1258 1877 1288 numerum
1909 1243 2161 1287 deliniendi
2194 1247 2551 1302 propensionjs‚.

563 1329 622 1373 ad
641 1325 892 1370 fundorum
912 1331 1324 1377 possessorumque
1347 1318 1633 1374 potissimum
1652 1318 1996 1376 exaequandam
2008 1320 2234 1360 rationem
2245 1316 2535 1376 pertinentis,

562 1397 864 1447 memorabile
895 1393 1151 1451 exemplum
1182 1406 1207 1434 a
1235 1392 1448 1448 Lycurgo
1482 1393 1658 1445 datum,
1690 1403 1740 1435 ut
1765 1407 1827 1434 ne
1851 1393 1998 1434 dicam
2018 1392 2078 1434 de
2098 1392 2326 1447 Platonis,
2356 1383 2535 1436 Aris‘to-

561 1478 761 1533 telisque
792 1470 994 1514 consiliis
1026 1467 1220 1509 eandem
1254 1481 1349 1508 rem
1383 1467 1720 1522 spectantibus,
1751 1481 1852 1508 cum
1885 1469 2036 1508 animo
2064 1481 2149 1509 suo
2177 1471 2458 1524 reputaverit
2477 1471 2547 1523 ²).·

567 1550 712 1607 Quod
729 1549 767 1589 si
787 1543 1058 1587 discriminis
1075 1542 1196 1583 inter
1214 1538 1408 1596 gentiles
1424 1550 1689 1582 numeratos
1712 1550 1757 1582 et
1774 1537 2051 1596 οἱτρικκεέςες,
2083 1542 2160 1596 qui
2182 1540 2462 1583 vocabantur
2479 1542 2534 1599 ³),

566 1625 819 1673 rationem,
875 1627 1013 1673 atque
1046 1628 1252 1657 normam
1291 1614 1474 1669 quaeris
1514 1613 1597 1655 hos
1640 1627 1828 1669 quoque
1862 1613 2041 1654 illorum
2071 1613 2180 1668 juris
2216 1616 2533 1671 participandi,

567 1701 683 1742 haec
707 1694 765 1738 ad
788 1691 937 1737 solum
965 1687 1164 1732 familiae
1184 1697 1353 1730 statum
1372 1685 1762 1729 accommodanda
1786 1701 1887 1746 csse
1909 1687 2119 1741 videtur;
2149 1689 2322 1745 quippe
2341 1692 2535 1745 gentiles

565 1784 745 1831 patrum
770 1766 962 1810 familias
983 1764 1184 1818 speciem
1208 1761 1436 1812 referunt,
1470 1775 1629 1802 eorum
1658 1762 1798 1816 igitur
1826 1762 1904 1816 qui
1936 1762 2101 1817 singuli
2128 1761 2291 1804 Jovern
2314 1767 2470 1821 ἑρκεῖον
2500 1782 2536 1809 s.

567 1843 815 1898 goe5510v⁴)‚
847 1839 926 1898 qui
946 1835 1197 1887 dicebatur,
1218 1848 1303 1891 pro
1323 1849 1372 1877 re
1391 1832 1602 1877 familiari
1621 1835 1806 1891 propria
1830 1844 1874 1877 et
1892 1833 2108 1890 peculiari
2130 1834 2369 1893 colebant;
2401 1826 2550 1896 quota

567 1929 684 1978 quot
712 1926 865 1959 autem
897 1914 945 1955 in
976 1907 1218 1967 gentilium
1247 1906 1402 1950 decies
1431 1906 1554 1949 mille
1581 1918 1627 1950 et
1652 1909 2023 1964 octingentorum
2054 1924 2295 1952 numerum
2327 1913 2533 1956 nondum

566 1992 743 2061 recepti
765 1997 909 2041 erant,
932 1985 1012 2028 ubi
1029 1983 1182 2026 focum
1204 1992 1250 2025 et
1270 1980 1407 2024 larem
1427 1980 1695 2024 familiarem
1714 1996 1842 2023 suum
1861 1984 2055 2040 quisque
2076 1983 2394 2040 condiderant,
2419 2002 2537 2043 quae

563 2083 672 2127 pro
683 2062 864 2108 numeri
893 2055 1132 2118 gentilium
1163 2052 1467 2112 amplitudine
1498 2053 1733 2101 debebant
1763 2070 1862 2098 esse
1891 2054 2156 2112 frequentes
2190 2069 2377 2113 mortes,
2409 2076 2536 2104 con.

564 2145 697 2188 tinua
727 2134 1023 2181 successione
1051 2132 1099 2174 in
1130 2144 1269 2174 vacua
1303 2143 1482 2182 eorum,
1528 2130 1607 2187 qui
1638 2128 1951 2191 decesserant,
1995 2130 2094 2174 loca
2125 2131 2535 2190 substituebantur,

565 2214 698 2276 quod
738 2221 790 2256 ut
831 2218 960 2253 recte
998 2203 1278 2264 procederet
1310 2203 1509 2248 'curandi
1541 2202 1800 2261 expeditior
1831 2204 2013 2248 videtur
2062 2204 2203 2250 fuisse
2244 2210 2340 2262 via,
2400 2224 2534 2268 quam

566 2306 850 2327 ........--

627 2368 678 2420 1)
707 2362 904 2404 Demosth.
929 2362 966 2398 in
985 2362 1138 2397 Macart.
1171 2362 1291 2408 ¹069,
1324 2373 1360 2397 2.

623 2441 678 2494 2)
706 2443 754 2478 V.
780 2437 1008 2475 Boeckhiurn
1028 2435 1143 2471 celeb.
1163 2435 1321 2471 Staatsh.
1348 2448 1377 2476 t,
1403 2435 1467 2478 36.

620 2514 681 2569 3)
706 2513 864 2563 Hesych.
884 2526 916 2549 v.
938 2503 1194 2565 α’τριοὶκοιςοι·
1222 2509 1263 2550 οἱ
1279 2501 1339 2562 μή
1361 2511 1621 2560 μετέχοντες
1641 2500 1869 2562 τριακάδος.
1927 2511 1988 2547 Juu
2008 2510 2185 2560 privatum
2200 2539 2210 2553 ,
2240 2510 2341 2560 quod
2361 2512 2532 2552 hocloco

706 2599 991 2628 nonvcuramus,
1018 2586 1112 2622 haec
1130 2595 1293 2635 spectant
1319 2597 1376 2634 ap.
1399 2584 1558 2632 Hesych.
1579 2598 1612 2620 v.
1637 2581 1717 2633 ἔξω
1744 2577 1971 2639 τριακάδος·
1997 2586 2037 2625 οἱ
2054 2579 2113 2638 μή
2135 2580 2532 2639 μεταλαμβάνοντες

707 2658 850 2709 aritmet-
872 2652 898 2715 ἢ
916 2655 1082 2712 σι’χιςεῗς
1103 2651 1235 2712 πλήρει
1249 2686 1261 2705 ,
1290 2649 1608 2710 τελευτήσαντός
1625 2671 1745 2704 τινος.

625 2738 683 2792 ζ)
709 2740 757 2777 V.
771 2738 944 2775 mamers
962 2736 1072 2774 Beitr.
1094 2748 1158 2772 zur
1181 2734 1346 2772 Keuntn.
1372 2732 1436 2773 des
1462 2743 1525 2776 att.
1550 2732 1688 2773 Rechts
1709 2747 1747 2786 p.
1769 2745 1820 2784 29
1845 2745 1908 2786 «ΙΨ
