2775 3324
0 2357 44 2634 l

1122 213 1206 271 115

181 367 487 428 praeberent,
505 366 634 422 (nisi
663 366 734 409 cui
754 365 1060 410 fortezverior
1087 364 1300 409 videatur
1321 367 1571 422 sententia,
1611 381 1748 426 quam
1773 366 2059 413 Eustathium
2091 370 2149 414 ad

180 442 352 500 Odyss.
378 454 455 496 19,
483 449 537 493 28
577 454 778 499 sequens
817 438 1097 496 amplexatur
1133 439 1480 483 Schoemannus
1520 440 1580 482 de
1618 443 1771 485 comit.
1812 456 1859 499 p.
1887 445 1969 498 362
2008 458 2056 487 n.
2081 452 2147 500 38,

179 527 233 576 ιῃ
255 526 378 559 sexta
400 524 530 572 parte
552 515 664 570 ipsis
685 512 856 566 relicta,
886 512 1093 569 quinque
1112 512 1421 568 exhiberent,)
1450 514 1510 556 ob
1533 527 1728 572 eamque
1746 530 1842 558 rem
1868 516 2093 576 ἑκτημόρες
2112 532 2148 562 s.

180 594 420 648 ἑκτημορίες
444 603 480 632 s.
500 584 723 646 ἐπιμόρτες
750 595 940 629 vocatos
962 600 1088 638 esse,
1120 586 1292 630 docent
1323 584 1553 632 Plutarch.
1571 591 1620 632 in
1642 590 1731 633 vita
1750 589 1849 634 801.
1876 604 1912 633 c.
1930 604 1978 646 13
1993 622 2005 643 ς
2034 591 2148 636 Poll.

176 678 218 721 4,
242 668 349 721 168;
379 663 582 722 Hesych.
609 676 651 706 v.
677 665 826 717 ἑκτημ.
860 671 906 707 et
929 664 1116 717 ἐτίμορτ.
1150 676 1250 703 cum
1280 660 1615 709 Hcm'sterhusii
1640 663 1955 720 disputatione
1985 665 2045 708 de
2067 665 2152 709 hac

177 753 344 797 voce3.
376 736 518 783 schol.
559 735 618 781 ad
647 734 829 779 Platon.
857 725 1111 793 Euthyplir.
1152 750 1191 779 c.
1229 745 1341 779 nota
1372 734 1638 778 Ruhnkenii
1674 750 1832 780 recusa
1871 739 1921 781 in
1949 737 2150 784 Bekkeri

180 822 426 858 comment.
446 808 686 855 inPlaton.
705 822 745 863 2,
763 823 878 866 327..
917 809 1009 866 Qui
1030 823 1168 867 quum
1190 809 1331 866 magis
1349 807 1528 869 alienae
1547 823 1679 868 quam
1697 825 1808 853 suae
1830 812 1895 854 rei
1919 812 2150 856 curandae

182 902 371 945 operam
403 885 591 939 darent,
633 884 775 927 iidem
806 893 932 927 recte
960 883 1090 940 θῆτες
1124 882 1494 940 appellabantur,
1526 897 1621 939 quo
1650 884 1873 928 vocabulo
1906 886 2026 942 apud
2052 887 2151 930 Ho-

179 975 384 1012 merum,
415 959 506 1002 Od.
524 963 686 1013 4644,
718 962 859 1014 oper'a
892 958 1173 999 mercenaria
1204 968 1362 1000 notata
1395 968 1483 1009 est,
1524 957 1668 1000 Solon
1695 972 1804 1002 vero
1828 960 2029 1002 infimam
2054 960 2150 1018 ple-

181 1036 309 1086 bem,
340 1032 462 1075 haud
491 1032 678 1090 quidem
709 1031 1014 1075 contumeliae
1046 1045 1202 1083 causa,
1233 1031 1503 1073 nominavit.

294 1106 488 1165 Reliqua
512 1106 732 1163 quidnam
755 1106 1066 1147 intercesserit
1088 1104 1359 1146 discriminis
1381 1105 1503 1147 inter
1523 1104 1640 1147 hanc
1662 1104 1860 1148 tribuum
1880 1108 1927 1150 in
1951 1108 2151 1163 ordines,

182 1196 377 1241 quorum
409 1180 539 1224 alteri
570 1179 685 1223 alter
715 1180 874 1236 iniquo
906 1178 1006 1235 jure
1035 1179 1243 1221 subditus
1280 1189 1398 1229 erat,
1429 1180 1749 1235 partitionem,
1796 1192 1842 1224 et
1870 1182 2149 1237 phratiarum

182 1258 490 1314 trittyumque
516 1251 743 1310 aequabili
768 1251 866 1308 jure
887 1254 1236 1295 constitutarum
1263 1251 1644 1309 descriptionem,
1675 1269 1773 1296 non
1804 1265 1871 1297 est
1895 1256 2021 1312 quod
2042 1269 2150 1302 ante

182 1334 326 1386 ipsam
364 1328 424 1370 de
452 1326 522 1370 his
559 1326 916 1382 disputationem
950 1338 1244 1381 praepostera
1279 1341 1383 1368 cura
1426 1341 1719 1381 exponamus.
1808 1326 1977 1385 Neque
2011 1335 2150 1385 magis

186 1402 586 1460 argumentatione
609 1416 724 1456 opus
750 1411 840 1452 est,
872 1411 921 1443 ut
941 1400 1136 1442 Pollucis
1157 1402 1361 1459 gentium
1385 1400 1623 1444 delinitum
1643 1415 1880 1444 numerum
1905 1404 2002 1446 istis
2027 1405 2152 1447 ordi-

185 1477 319 1522 nibus
337 1474 583 1521 tribuentis
603 1474 758 1530 inepta
780 1473 920 1528 ratio,
951 1471 1074 1528 cujus
1095 1487 1230 1530 supra
1252 1474 1426 1518 mentio
1449 1472 1565 1519 facta
1587 1484 1674 1527 est,
1706 1472 1951 1521 refellatur.
2008 1476 2153 1523 Sane-

185 1567 319 1610 quam
351 1547 565 1609 gentibus
595 1546 920 1595 continebatur
949 1546 1189 1602 nobilitas,
1221 1557 1352 1592 utne
1375 1546 1521 1593 (licam
1546 1547 1605 1593 de
1625 1546 1791 1607 plebe;
1821 1564 1977 1607 neque
1997 1562 2152 1598 tamen

186 1625 244 1671 ad
284 1637 491 1670 normam
531 1622 710 1668 numeri
752 1619 930 1667 deliniti
972 1622 1263 1679 compositis,
1309 1620 1392 1667 sed
1426 1622 1523 1680 ipsa
1555 1632 1739 1677 natura,
1781 1621 1975 1682 solaque
1999 1626 2152 1684 stirpis

185 1700 509 1745 communione
541 1695 741 1754 effectis;
772 1709 1030 1755 quanquam
1056 1695 1319 1752 hujusmodi
1352 1704 1514 1754 gentes
1543 1697 1794 1753 naturales,
1826 1709 1965 1758 atque
1990 1694 2152 1758 gentes

188 1775 488 1833 pliratriarum
511 1785 631 1814 nexu
657 1780 703 1813 et
726 1784 920 1813 numero
944 1772 1238 1823 constitutas,
1271 1769 1405 1813 titulo
1430 1770 1547 1813 civili
1575 1771 1761 1828 quidem
1791 1772 2152 1830 distinguendas,

187 1864 237 1894 re
259 1848 531 1906 plerumque
556 1843 739 1887 easdem
758 1843 898 1887 fuisse
919 1858 973 1886 ex
991 1845 1067 1897 iis,
1097 1855 1215 1901 quae
1235 1853 1510 1901 sequuntur,
1541 1843 1733 1902 patebit.
1790 1845 1967 1890 Eodem
1992 1849 2152 1904 rejicio

187 1923 527 1981 quaestionem,
559 1932 668 1961 num
689 1916 913 1960 nobilium
936 1927 1096 1975 gentes
1120 1930 1313 1959 numero
1338 1917 1539 1973 quodam
1563 1927 1608 1962 et
1632 1917 1796 1961 ordine
1817 1922 2070 1966 constituto
2093 1923 2153 1966 ad

185 1995 508 2055 rempublicam
531 1992 781 2050 gerendam
805 1993 1104 2042 accesserint,
1133 2001 1411 2047 senatusque
1436 2001 1587 2045 partes
1611 1993 1804 2034 vicissim
1829 1997 2021 2050 egerint.

299 2071 397 2115 Jam
423 2070 539 2112 sicut
570 2067 752 2123 generis
782 2062 1001 2107 naturalis
1034 2064 1150 2106 ratio
1177 2062 1437 2120 cupatridas
1466 2063 1710 2108 nobilitate
1732 2079 1755 2107 a
1776 2064 1915 2122 plebe
1938 2068 2148 2124 sejunxit,

188 2148 251 2192 ita
282 2144 341 2188 ad
373 2155 617 2187 commune
646 2140 809 2183 civium
837 2137 1063 2182 vinculum
1096 2135 1339 2191 plzracrc'as
1372 2146 1513 2193 atque
1545 2151 1699 2181 earum
1726 2149 1889 2195 gentes
1915 2152 2148 2198 spectasse

187 2234 324 2280 quam
359 2218 551 2261 maxime
590 2211 832 2273 probabile
871 2221 954 2255 est.
979 2264 1000 2279 Β,
1037 2212 1217 2267 Φρειτρίκ
1255 2204 1464 2268 (φρήτρη,
1499 2213 1708 2270 φατρίαι),
1746 2215 1786 2256 si
1815 2213 2148 2261 Dicaearchum

187 2294 445 2352 sequimur,
486 2290 536 2333 in
563 2286 761 2332 familiae
792 2285 1148 2343 amplificatione
1178 2284 1488 2342 gradibusque
1520 2288 1868 2344 propagationis
1899 2299 1945 2332 et
1972 2291 2148 2336 sobolis

189 2364 415 2426 ejusmodi
435 2364 633 2408 societas
658 2359 995 2419 appellabatur,
1037 2373 1155 2417 quae
1183 2369 1335 2402 exorta
1367 2369 1463 2402 erat
1490 2360 1733 2404 connubiis
1771 2372 1819 2407 et
1848 2362 2146 2410 affinitatibus

188 2442 464 2505 singularum
483 2438 712 2497 gentium,
742 2450 854 2494 quas
875 2434 1182 2478 Dicaearchus
1212 2429 1398 2491 πέτροις,
1427 2441 1524 2492 ’γένη
1551 2445 1710 2492 vocat3
1768 2444 1810 2481 v.
1839 2438 2147 2496 fragmentum

183 2514 563 2575 pretiosissimum
582 2509 705 2568 apud
722 2508 1005 2565 Stephanum
1026 2508 1329 2564 Byzantinum
1354 2521 1393 2552 v.
1419 2504 1557 2565 πέτραι
1580 2519 1719 2567 atque
1737 2509 2002 2556 Buttmanni
2022 2529 2147 2558 com-

189 2590 518 2634 mentationem
546 2598 682 2641 supra
710 2582 954 2625 laudatam.
1039 2579 1187 2624 Aliter
1217 2591 1506 2637 comparatae
1534 2581 1721 2627 fuerunt
1747 2583 1980 2640 plu-atriae
2005 2588 2148 2630 Athe-

189 2663 417 2710 niensium
438 2660 536 2716 jure
552 2657 739 2716 publico
758 2658 1050 2708 constitutae,
1070 2655 1345 2712 singularum
1364 2655 1565 2698 tribuum
1582 2665 1756 2711 ternae,
1777 2671 1967 2715 quarum
1988 2675 2147 2705 unam-

195 2748 424 2795 quamque
448 2733 637 2776 tricenis
668 2729 903 2788 gentibus,
942 2738 1102 2786 gentes
1132 2729 1296 2783 (γένη).
1312 2743 1423 2785 vero
1455 2728 1657 2788 singulas
1683 2732 1871 2776 tricenis
1896 2733 2145 2789 gentilibus
