2775 3324
1129 235 1169 296 θ’

162 376 242 442 vel·
266 381 798 465 popuiaris'd'iscriminis
831 394 1083 450 appareant
1118 392 1303 448 vestigia
1330 372 1575 445 nonnulla,
1619 391 1952 436 habitaverant.
2041 372 2132 447 Q2Ji

158 468 316 531 quales
354 466 520 526 singuli
546 467 718 511 fuerint
747 481 883 525 quum
914 466 1192 522 negaverim
1208 481 1279 508 uie
1311 458 1460 509 hisce
1470 467 1649 524 paginis
1676 483 1780 510 cura
1806 468 2024 526 singulari
2054 451 2130 511 eir-

160 547 416 605 positurum
439 557 551 595 esse,
575 531 732 585 tamen
752 553 897 596 usque
919 553 976 582 eo
998 528 1352 595 disputationis
1341 540 1468 584 istius
1491 541 1635 584 aleam
1659 540 1786 584 adire
1808 541 1928 583 haud
1953 559 2130 594 recuso,

159 630 212 664 ut
247 620 297 663 in
328 616 414 661 hac
441 617 672 660 sententia
696 605 988 669 pericliter.
1025 609 1232 669 Ἀργοὶδεὶς
1266 623 1313 656 et
1333 610 1560 672 Αἴγικόρεις
1593 616 1669 673 qui
1693 604 1942 669 vocantur,
1974 632 2134 659 eorum

154 695 362 739 Atticam
379 703 641 759 germanam
659 692 851 746 'patriam
876 686 1103 745 duxerim;
1135 699 1180 732 et
1200 687 1386 747 quidem
1409 684 1496 755 illi,
1523 691 1826 746 Argivorum
1816 703 1981 745 instar,
2013 706 2131 749 quos

158 769 276 813 olim
291 763 507 821 Ἀγεισέδας
535 763 723 809 vocatos
743 777 843 806 esse
863 761 1125 820 Stephanus
1146 758 1426 825 Byzantinus
1448 777 1488 806 v.
1498 759 1649 819 Αργος
1669 778 2018 819 commemorat,
2048 782 2136 809 no-

162 858 271 887 men
300 842 490 887 traxisse
523 836 741 882 videntur
771 850 796 880 a
827 835 1043 895 planitie,
1074 833 1193 894 ἄργος
1215 837 1277 893 ¹),
1308 850 1442 894 quam
1473 850 1633 882 vocem
1662 838 1834 894 pariter
1867 839 1924 882 ad
1961 855 2134 884 nomen

167 909 463 973 Pelasgorum
497 904 794 970 (πελαργῶν),
825 921 962 969 atque
991 924 1175 974 campos
1207 921 1253 953 et
1287 925 1390 952 arva
1421 908 1485 952 ad
1508 925 1669 954 eorum
1698 913 1830 954 vitani
1863 915 2138 969 pertinuisse

163 990 313 1035 nullus
338 988 525 1043 dubito;
555 985 829 1043 Aegikoreis
854 1000 965 1030 vero
992 1000 1016 1029 a
1040 988 1161 1030 vitae
1188 978 1346 1028 habitu
1377 985 1614 1042 pastorali,
1649 971 1768 1044 quae
1798 991 2025 1031 montanis
2052 989 2136 1032 ho-

163 1065 364 1109 minibus
385 1063 617 1106 convenit.
686 1059 885 1110 ,Quodsi
914 1058 1025 1101 locis
1056 1062 1116 1102 ita
1147 1059 1301 1101 divisis
1325 1062 1533 1102 universa
1556 1062 1706 1103 Attica
1730 1060 1905 1109 duabus
1929 1062 2132 1118 partibus

164 1140 392 1198 expletur,
422 1149 577 1194 neque
607 1122 851 1192 quicquam
881 1133 979 1175 fere
1009 1148 1250 1189 superesse
1276 1129 1706 1193 videturregionis,
1738 1135 1813 1178 ubi
1846 1134 2132 1181 collocentur

159 1215 370 1272 reliquae
387 1211 546 1261 tribus,
581 1211 713 1252 istam
735 1210 945 1251 nimirum
968 1210 1233 1264 posterioris
1255 1211 1416 1251 aetatis
1437 1211 1732 1266 partitionem
1768 1209 2006 1267 triplicem,
2041 1227 2131 1268 qua

162 1293 371 1348 παραλία,
417 1284 624 1329 australis
664 1284 837 1330 Attica.
893 1294 977 1339 pro
1008 1284 1141 1335 tertia
1174 1293 1303 1339 parte
1340 1283 1596 1326 habebatur
1615 1284 1680 1340 ²),
1726 1282 1784 1327 ad
1815 1286 2131 1342 antiquissima

161 1376 373 1422 tempora
401 1360 562 1405 referri
594 1358 790 1402 alienum
820 1368 955 1414 pnt03
986 1356 1129 1400 Jones
1157 1369 1304 1401 autem
1333 1359 1860 1416 adventitios‚bquibus‚
1905 1361 1993 1402 nisi
2027 1375 2128 1402 cum

164 1442 271 1485 viris
297 1435 571 1481 doctissimis
600 1430 754 1485 fallor,
786 1434 919 1476 tertia
942 1434 1109 1482 tribus,
1132 1430 1372 1488 ”Ouka-rec,
1403 1434 1667 1485 constabat,
1697 1444 1791 1477 tum
1820 1436 1866 1477 in
1897 1435 2127 1490 tetrapoli,

164 1529 284 1574 quae
314 1511 590 1563 vocabatur,
620 1517 713 1551 tum
740 1510 932 1549 maxime
963 1509 1009 1548 in
1040 1509 1133 1562 ipsa
1165 1507 1449 1549 Athenarum
1479 1507 1593 1550 urbe
1620 1507 1756 1551 sedes
1780 1508 2010 1564 posuisse,
2042 1523 2126 1564 pro

166 1601 293 1633 certo
320 1587 412 1630 dici
429 1585 564 1639 licet;
591 1581 724 1625 simul
746 1581 968 1633 Athenas,
1001 1593 1120 1637 quae
1139 1589 1245 1635 post
1263 1592 1399 1638 caput
1425 1583 1554 1638 regni
1575 1583 1868 1635 exstiterunt,
1900 1583 2129 1639 principio

163 1665 333 1707 Jonum
366 1658 508 1703 modo
536 1657 694 1700 sedem
725 1655 893 1704 fuisse,
926 1665 971 1696 et
996 1668 1114 1712 quae
1141 1654 1351 1696 feruntur
1376 1653 1434 1697 de
1455 1654 1793 1711 antiquioribus
1816 1638 1968 1698 earum
1993 1657 2129 1698 rebus

164 1737 361 1784 tabulae,
390 1748 467 1777 eas
488 1731 632 1776 Jones
650 1729 774 1773 solos
793 1739 1007 1785 spectare
1034 1738 1158 1771 recte
1180 1728 1412 1782 conjicias.
1470 1727 1508 1771 E
1531 1728 1707 1772 duabus
1731 1725 1914 1773 demum
1940 1742 2130 1785 quartae

166 1813 310 1857 tribus
331 1804 731 1867 appellationibus,
750 1805 969 1853 Γελέοντες
988 1807 1084 1846 sive
1104 1804 1345 1853 Τελέοντες,
1363 1813 1484 1846 utne
1501 1802 1650 1845 dicam
1669 1802 1727 1845 de
1740 1805 1887 1856 tertia,
1903 1806 2130 1854 Γεδέοντες.

166 1885 287 1945 apud
308 1881 631 1931 Plutarchum,
656 1891 700 1921 ν.
732 1878 829 1919 Sol.
861 1892 899 1919 c.
919 1891 987 1932 23.
1016 1878 1255 1933 proposita
1296 1877 1729 1934 interpretandique
1763 1877 2013 1933 periculum
2058 1893 2131 1919 sa-

163 1965 347 2020 piente,
385 1955 694 2014 posteriorem
729 1954 793 1996 ita
822 1949 1074 2009 amplexor,
1107 1962 1155 1993 ut
1184 1965 1207 1991 a
1239 1951 1562 2008 mysteriorum
1595 1948 1761 2005 initiis,
1803 1955 1947 2002 τέλος,
1978 1956 2128 2001 τελεῖν,

134 2030 326 2091 frema-vj,
358 2045 456 2073 eam
481 2029 662 2070 ductam
687 2041 788 2068 esse
813 2037 951 2082 atque
972 2024 1240 2066 <Eleusinios
1274 2026 1460 2080 proprie
1478 2035 1709 2081 spectare,
1740 2039 1975 2080 censeam;
2009 2041 2128 2082 quae

140 2105 378 2166 §vocabuli
403 2102 726 2166 interpretatio
749 2110 797 2143 ut
821 2115 873 2140 ex
896 2098 1043 2155 aliqua
1067 2110 1196 2155 parte
1218 2098 1275 2139 ad
1299 2099 1420 2139 idem
1443 2098 1563 2141 redit
1584 2108 1724 2155 atque
1746 2098 1929 2141 alterius
1953 2100 2128 2141 formae

161 2170 385 2238 Ϊελέοντες
401 2178 467 2232 ³),
498 2179 560 2220 ita
582 2175 639 2217 ad
657 2174 814 2218 turbas
834 2176 882 2215 in
906 2174 1066 2215 litteris
1092 2175 1131 2216 T
1160 2184 1204 2214 et
1231 2174 1263 2215 Γ
1280 2172 1549 2214 *scribendis
1567 2183 1746 2215 exortas
1770 2175 1981 2229 apposita
2002 2174 2128 2214 vide·

166 2272 240 2302 tur
269 2268 370 2299 esse
398 2249 703 2309 explicandas.
758 2247 1017 2304 Jamyem,
1049 2245 1378 2303 qualiscunque
1405 2246 1587 2288 demum
1609 2249 1730 2290 inter
1753 2247 1867 2289 haec
1890 2247 2128 2289 hominurn

166 2360 446 2385 -,-....-

229 2444 275 2495 ι)
305 2441 434 2478 Strabo
463 2447 510 2482 8,
540 2446 634 2487 571.
692 2437 867 2490 stephan.
896 2438 979 2485 1352.
1008 2450 1039 2472 v.
1064 2426 1212 2490 ’Ἄργος
1246 2457 1297 2465 -
1322 2428 1469 2489 ‘Ap-sm
1498 2433 1540 2474 ὀὲ
1571 2427 1721 2488 σχεὸὂν
1750 2431 1835 2475 πεῖν
1864 2433 1998 2477 πεδίον
2023 2430 2131 2477 κχταί

309 2510 548 2556 θάλασσαν.

224 2608 277 2658 2)
307 2608 445 2645 Herod.
473 2620 512 2649 ι,
544 2615 610 2653 59.
667 2604 835 2654 Thucyd.
858 2618 901 2646 2,
935 2614 998 2649 55.

223 2702 277 2754 3)
304 2703 350 2736 V.
363 2701 416 2734 W
419 2699 522 2735 essel.
551 2698 597 2734 ad
617 2698 757 2736 Herod.
780 2708 826 2742 5,
859 2701 934 2735 06:
965 2689 1046 2738 Γε).
1052 2701 1182 2743 elom-eg
1204 2720 1253 2727 —
1286 2698 1382 2733 haud
1403 2699 1461 2734 alii
1484 2711 1523 2733 ac
1543 2692 1777 2750 sorni-pleiz!
1799 2695 1892 2749 (ἲ),
1925 2698 1999 2733 sive
2028 2697 2114 2736 λκα,

305 2787 420 2828 προι,
451 2773 628 2814 illustres,
659 2768 927 2822 ερῑευάἰὸῐᾳυε.
987 2773 1043 2808 Cf.
1067 2774 1233 2808 Creuzeri
1259 2772 1420 2820 Symbol.
1449 2782 1494 2817 3,
1528 2782 1591 2816 53.
1624 2783 1703 2807 not.

1853 2856 1879 2887 2
