2775 3324
1534 208 1608 262 10

580 372 774 417 genera,
807 357 1024 416 quamdiu
1059 355 1264 411 ejusdem
1299 355 1501 411 regionis
1527 354 1849 397 tantummodo
1881 354 2085 413 incolae,
2113 369 2269 414 neque
2294 370 2405 403 vero
2437 357 2558 401 cives

584 434 718 474 unius
751 434 817 473 rei
849 431 1062 487 publicae
1096 440 1252 480 erant,
1298 429 1584 481 commercii,
1614 427 1822 469 locorum
1857 437 2097 486 statusque
2127 431 2562 488 intercessit'ratiozn

582 516 744 561 postea
757 504 917 547 saltem
934 517 1066 560 quam
1087 504 1237 558 gentis
1261 511 1306 543 et
1325 503 1522 543 civitatis
1541 514 1786 542 commune
1809 500 2020 543 effectum
2044 513 2179 555 esset,
2199 515 2397 562 quatuor
2413 503 2559 548 tribus

585 592 735 636 aequo
776 578 876 634 jure
917 578 1170 634 descriptas
1211 589 1338 628 esse,
1407 589 1461 617 ex
1499 573 1731 632 aequabili
1766 588 1922 616 earum
1953 576 2002 617 in
2031 574 2254 632 phratrias
2293 589 2338 621 et
2373 579 2558 636 trittyes

586 654 838 709 partitione
861 651 1179 694 confirmatum
1204 649 1259 692 iri
1285 647 1489 694 conlido.
1575 650 1684 705 Quo
1708 649 1832 693 facto
1856 649 2168 707 cujuscunque
2189 654 2370 709 generis
2389 651 2562 695 nobili-

586 737 750 779 tatem,
781 725 1049 769 sacerdotes
1078 735 1122 768 et
1140 724 1332 776 milites,
1362 723 1496 766 simul
1520 734 1695 778 autem,
1728 738 1821 782 quo
1841 725 2032 768 nomine
2052 725 2173 768 inter
2196 725 2419 783 Argadeis
2444 739 2561 784 quo-

588 815 679 858 que
708 811 753 844 et
779 800 1055 858 Aegikoreis
1082 797 1264 841 nobiles
1290 799 1515 842 exstitisse
1538 800 1605 841 rei
1624 807 1786 841 natura
1808 797 1997 852 suadet,
2029 813 2239 857 agrorum
2268 792 2558 857 possessores

590 886 635 917 et
670 888 857 931 gregum
896 887 1267 930 pascuorumque
1296 886 1566 929 magnorum
1598 871 1812 914 dominos
1840 873 1889 914 in
1920 887 2062 915 unum
2092 872 2306 917 ordinem
2336 872 2560 916 coaluisse

590 959 953 990 consentaneum
986 958 1076 998 est,
1108 961 1247 1003 quem
1275 948 1380 1001 quia
1404 946 1619 1002 singulari
1640 947 1831 988 nomine
1852 955 2045 1002 propter
2068 948 2233 989 variam
2257 961 2559 1004 personarum

588 1021 794 1065 indolem
823 1020 946 1062 haud
979 1020 1272 1062 commodum
1308 1030 1404 1062 erat
1435 1018 1674 1076 appellari,
1719 1020 1948 1060 communi
1980 1034 2237 1074 generosae
2263 1022 2416 1077 stirpis
2445 1030 2561 1065 nota

587 1094 867 1152 significatus
890 1105 981 1148 est,
1012 1106 1151 1152 atque
1167 1094 1255 1147 sic,
1288 1095 1479 1150 opinor,
1511 1091 1851 1150 eupatridarum
1869 1107 2043 1136 nomen
2061 1092 2265 1152 invaluit.

683 1187 855 1229 Rursus
875 1201 960 1243 per
978 1200 1348 1243 unamquamque
1370 1197 1573 1229 veterum
1596 1195 1793 1242 quatuor
1812 1185 2010 1227 tribuum
2033 1185 2230 1241 plebem,
2254 1188 2390 1230 variis
2409 1200 2562 1230 rerum

587 1261 888 1303 humanarnm
916 1259 1092 1302 casibus
1114 1272 1160 1303 et
1182 1275 1482 1316 personarum
1506 1259 1690 1302 dotibus
1713 1259 1981 1311 nobilitate,
2015 1274 2134 1316 quae
2164 1275 2216 1302 ex
2242 1275 2295 1303 ea
2325 1273 2460 1317 caput
2485 1277 2560 1304 ex-

587 1335 782 1386 tulerat,
810 1334 1098 1386 inferiorem,
1130 1333 1380 1387 habitasse,
1413 1345 1554 1389 atque
1575 1336 1611 1374 si
1638 1335 1763 1381 ἔθνος
1787 1345 1996 1386 vocatur,
2028 1335 2266 1388 ordinem,
2296 1351 2391 1376 non
2413 1351 2563 1393 popu.

588 1408 678 1450 lum
704 1406 971 1462 significari,
1003 1409 1402 1463 argumentatione
1426 1408 1549 1449 haud
1581 1408 1779 1463 indiget,
1809 1423 1965 1463 neque
1998 1407 2137 1450 distat
2159 1423 2183 1449 a
2208 1424 2258 1449 re
2288 1420 2334 1451 et
2354 1412 2559 1462 veritate,

590 1467 816 1537 ejusmodi
856 1480 1088 1535 homines,
1133 1494 1381 1537 propterea
1425 1480 1551 1538 quod
1589 1480 1861 1537 plerumque
1902 1498 2036 1538 agros
2074 1482 2300 1525 nobilium
2339 1484 2559 1536 colerent,

591 1557 823 1602 communi
853 1557 1044 1601 nomine
1072 1572 1323 1613 geomoros
1350 1555 1604 1612 appellatos
1645 1572 1759 1599 esse.
1846 1543 2122 1611 Quanquam
2147 1556 2365 1600 vocabula
2392 1557 2564 1600 habere

590 1645 670 1677 sua
703 1630 794 1677 fata
829 1631 1003 1688 pariter
1030 1643 1082 1674 ac
1110 1628 1287 1674 libellos
1308 1629 1354 1673 in
1380 1645 1436 1674 eo
1463 1627 1862 1683 animadvertitur,
1897 1620 2026 1687 quod
2047 1629 2208 1674 eadem
2233 1645 2318 1675 vox
2337 1627 2564 1688 (γέμοροι)

592 1704 714 1764 apud
738 1700 889 1749 Dores
908 1703 1156 1749 fundorum
1179 1716 1468 1761 possessores
1490 1699 1736 1749 declaravit
1756 1703 1817 1759 ¹),
1849 1701 1921 1750 vel
1939 1703 1989 1748 in
2005 1702 2104 1762 ipsa
2123 1702 2269 1750 insula
2287 1704 2422 1751 Samo
2439 1704 2564 1750 idem

593 1779 778 1824 dicendi
810 1793 915 1822 usus
948 1778 1150 1822 obtinuit
1168 1778 1226 1832 ²).
2605 1818 2618 1839 ὦ

2595 1842 2610 1886 ‘l

699 1872 944 1916 Postremo
986 1885 1103 1928 quos
1133 1868 1322 1914 ordines
1351 1869 1547 1914 civitatis
1580 1868 1724 1922 duos,
1766 1869 2056 1915 nobilitatem
2085 1881 2131 1916 et
2157 1871 2361 1929 plebem,
2410 1873 2563 1926 fuisse,
2602 1889 2613 1918 κ’

589 1949 738 2006 iisque
771 1946 1123 2003 peregrinorum
1152 1945 1344 1987 nomine
1376 1942 1638 2002 demiurgos
1674 1943 1995 2003 adjungendos
2030 1960 2157 2001 esse,
2199 1951 2458 2000 censemus,
2505 1948 2565 1991 ad

592 2036 750 2063 eorum
777 2019 962 2063 alterius
983 2018 1213 2062 honorem
1236 2028 1283 2062 et
1305 2032 1495 2061 munera
1523 2017 1786 2061 delinienda
1817 2020 2055 2075 pertinent
2078 2033 2197 2077 quae
2221 2020 2486 2065 Plutarchus
2517 2025 2566 2065 in

588 2097 682 2138 vita
698 2094 740 2136 'I'
745 2094 872 2136 hesei
898 2108 934 2136 c.
959 2107 1011 2146 25
1038 2091 1254 2137 tradidit:
1283 2088 1496 2143 ,νινῶςκειν
1521 2088 1576 2136 τοὶ
1608 2092 1711 2135 θεῖοι
1740 2093 1814 2135 καὶ
1847 2099 2055 2150 παρέχειν
2086 2089 2296 2151 ἄρχοντας
2330 2096 2404 2137 καὶ
2431 2091 2564 2147 νόμων

592 2165 834 2218 διδκςκοὶλες
876 2165 978 2210 εἶναι
1023 2168 1096 2210 καὶ
1143 2165 1258 2210 ὁσίων
1299 2168 1372 2209 καὶ
1413 2167 1526 2223 ἱερῶν
1565 2162 1777 2224 ἐξηγητάς·
1809 2166 1866 2210 cF.
1904 2165 2041 2212 lexic.
2078 2167 2247 2211 rhetor.
2279 2170 2329 2211 in
2363 2168 2568 2214 Bekkeri

593 2242 761 2286 anekd.
784 2257 827 2299 p.
845 2255 928 2297 257
950 2252 1090 2299 atque
1115 2240 1264 2296 Etym.
1286 2240 1351 2284 M.
1372 2254 1413 2284 V.
1439 2239 1707 2299 Εὐπκτρίὸκι·
1740 2241 1944 2291 ἑκαλὲντο
1974 2245 2015 2285 οἱ
2045 2238 2143 2286 αὐτό
2176 2238 2223 2286 τδ
2254 2240 2334 2288 ἅςυ
2368 2243 2564 2294 οἰκέντες,

592 2320 663 2361 uxi
693 2324 949 2372 μετέχοντες
978 2315 1185 2371 &memmii
1208 2322 1352 2367 γένες,
1391 2311 1466 2371 τήν
1497 2315 1577 2358 τῶν
1608 2316 1722 2372 ιἐρεὶΐν
1753 2319 2000 2368 ἐπιμέλειαν
2029 2313 2241 2370 τοιέμενοι
2259 2336 2271 2372 ;
2292 2347 2296 2350 -
2314 2332 2563 2376 geomoros

590 2408 724 2445 vero,
755 2392 968 2435 rusticam
998 2390 1206 2449 plebem,
1239 2404 1354 2448 quos
1376 2389 1531 2448 Etym.
1550 2389 1615 2433 M.
1642 2390 1713 2447 τῆς
1746 2385 1907 2447 ἄλλης
1933 2387 2076 2449 χώρας
2108 2388 2317 2450 οἰκήτορας
2350 2392 2565 2450 appellat,

589 2466 813 2510 nobilium
834 2480 966 2524 agros
983 2480 1033 2509 ea
1052 2464 1325 2509 conditione
1343 2464 1553 2519 coluisse,
1576 2475 1626 2510 ut
1640 2462 1812 2508 sextam
1828 2465 2006 2523 frugum
2025 2477 2202 2525 partem
2218 2464 2562 2526 possessoribus

651 2655 701 2702 ι)
731 2655 777 2691 V.
793 2654 968 2691 Valcken.
991 2651 1038 2689 ad
1057 2650 1196 2690 Herod.
1223 2662 1260 2697 5,
1288 2653 1352 2700 67.
1385 2655 1423 2696 6,
1451 2665 1516 2690 υ.
1574 2653 1723 2689 Ruhnk.
1747 2650 1793 2688 ad
1814 2652 1912 2690 Tim.
1947 2667 1985 2704 p.
2002 2654 2071 2708 67.

646 2727 702 2777 2)
732 2727 899 2777 Thucyd,
923 2736 961 2771 8,
981 2741 1027 2766 21
1049 2741 1059 2772 ς
1102 2728 1283 2766 Plutarch,
1305 2738 1445 2780 quaest.
1468 2728 1532 2766 Gr.
1559 2740 1594 2777 7,
1618 2740 1662 2766 ιι
1679 2740 1691 2764 ι
1722 2725 1780 2764 ed.
1800 2727 1925 2764 Reink.
