2775 3324
1127 190 1197 247 15

178 352 268 398 qua
289 348 472 385 cautum
495 346 587 394 est,
615 345 666 382 ut
685 350 894 398 agrorum
915 335 1390 382 LacedaemonIorum
1412 351 1559 398 aequa
1579 350 1839 385 servaretur
1855 339 2143 397 distributio;

180 419 232 458 da
255 423 431 468 tamen,
462 411 522 472 de
543 425 632 471 qua
652 411 924 458 articulatim
945 421 993 455 et
1011 410 1228 457 distincte
1245 412 1399 456 dicere
1417 426 1515 457 non
1536 413 1706 459 habe0.
1734 414 1788 458 Id
1805 415 2146 472 demumappa-

173 498 271 547 ret,
302 486 548 533 discrimen
571 488 695 534 inter
717 485 913 546 gentiles
935 487 1139 531 tricenos
1161 496 1302 546 atque
1325 486 1578 547 αέέριακσὶςες
1601 488 1725 532 haud
1747 492 1901 548 magni
1922 491 2147 534 momenti

175 563 335 608 fuisse.

174 671 201 688 -·
251 657 255 660 ⁴
287 656 366 701 Sic
384 656 525 716 igitur
544 657 784 701 universos
809 656 1112 700 Atheniensis
1126 656 1409 715 reipublicae
1432 659 1553 701 cives
1579 672 1823 702 commune
1841 657 2149 715 amplecteba-

179 741 256 775 tur
273 731 503 775 vinculum
517 762 529 786 ,
560 729 687 789 quod
717 730 775 773 ad
792 728 963 774 Thesei
979 744 1152 774 nomen
1175 731 1409 788 pertinere
1429 730 1509 774 ubi
1530 733 1769 785 sumimus,
1799 731 2146 791 quonammodo

175 805 346 850 factum
365 807 449 861 sit,
479 815 531 849 ut
548 801 700 848 ‘status
722 804 958 862 popularis
986 805 1218 848 institutio
1238 806 1288 847 in
1316 818 1398 847 ore
1420 814 1466 849 et
1481 819 1697 848 sermone
1717 803 2065 850 Atheniensium
2088 806 2146 847 ad

175 878 408 923 Theseum
427 877 568 922 relata
596 879 677 933 sit,
709 878 860 936 aliqua
885 893 939 921 ex
958 888 1089 936 parte
1114 877 1376 935 explicatur.
1459 880 1679 923 Attamen
1703 894 1766 922 ne
1787 882 1854 922 sic
1876 880 2063 938 quidem
2088 880 2147 921 de

177 963 299 997 statu
326 967 412 997 suo
434 952 721 998 nobilitatem
745 967 847 997 esse
869 954 1092 1010 dejectam
1116 963 1168 997 ut
1195 967 1222 996 e
1251 953 1471 1010 temporis
1504 955 1645 1010 istius:
1662 952 1851 1012 in'genio
1883 954 2149 1010 conjectura

169 1025 454 1085 judicamus,
485 1031 548 1071 ita
567 1027 757 1073 suidam
781 1039 946 1073 testem
970 1029 1288 1087 producimus,
1319 1029 1400 1085 qui
1419 1042 1462 1072 v.
1480 1028 1689 1086 γεννῆται,
1719 1039 2019 1087 posteaquam
2031 1028 2149 1072 Har-

177 1104 496 1161 pocrationem
520 1112 704 1149 secutus
730 1113 820 1160 est,
852 1104 967 1149 haec
985 1101 1308 1149 ePhilochoro
1337 1101 1563 1161 descripta
1597 1103 1758 1149 addit:
1789 1106 1862 1149 uxi
1891 1105 2075 1162 γεννῆτκι
2112 1108 2153 1148 οἱ

177 1180 225 1221 ἐκ
259 1174 446 1221 esaar?
467 1178 540 1223 uxi
566 1173 738 1236 πρῶτε
758 1184 878 1233 «γένει,-
897 1178 977 1223 τῶν
1007 1173 1228 1237 τριάκοντα
1246 1177 1385 1230 γενῶν·
1413 1172 1459 1229 ἒς
1477 1179 1551 1222 καὶ
1575 1174 1766 1237 πρότερόν
1792 1182 1893 1236 φησι
1917 1176 2145 1238 Φιλόχορος

177 1247 470 1305 ὁμογάλακτας
505 1253 751 1298 καλεῖσθαι.
837 1254 970 1311 Quae
994 1256 1033 1297 si
1058 1263 1185 1297 recte
1214 1252 1409 1308 habent,
1442 1263 1684 1312 utramque
1710 1254 1949 1311 gentilium
1977 1253 2147 1311 apella·

176 1330 351 1373 tionem
378 1329 608 1386 principio
639 1327 698 1372 ad
719 1326 901 1371 nobiles
921 1328 1140 1386 peculiari
1164 1326 1266 1385 jure
1286 1335 1334 1370 et
1361 1340 1462 1370 cum
1486 1327 1751 1372 excellentia
1773 1330 2146 1387 praestantiaque

176 1404 454 1460 pertinuisse
474 1398 771 1458 judicandum
793 1412 874 1456 est,
901 1404 1020 1453 sicut
1038 1401 1234 1445 Romani
1254 1403 1433 1459 patricii
1452 1402 1540 1446 sibi
1559 1402 1669 1446 solis
1689 1413 1876 1462 gentem
1897 1417 1998 1445 esse
2014 1417 2147 1460 prae-

179 1477 395 1520 dicabant
416 1478 472 1532 1).
530 1475 671 1520 Unde
691 1490 831 1536 quum
847 1486 1085 1534 sequatur,
1117 1478 1166 1518 in
1183 1490 1366 1533 quaque
1388 1477 1589 1533 pliratria
1612 1479 1818 1520 tricenos
1838 1476 1980 1518 fuisse
1996 1480 2147 1533 genti-

177 1551 243 1594 les
276 1565 302 1593 e
330 1550 596 1605 nobilitate,
626 1551 868 1594 universos
894 1559 1152 1593 tercentum
1187 1559 1234 1592 et
1259 1551 1516 1607 sexaginta,
1545 1564 1645 1593 non
1675 1549 1870 1592 absurda
1891 1560 1961 1592 est
1987 1565 2147 1592 eorum

176 1626 428 1679 sententia,
461 1627 537 1683 qui
561 1624 620 1666 ad
645 1624 822 1667 dierum
843 1624 1163 1679 mensiumque
1190 1624 1299 1664 anni
1321 1622 1662 1666 vicissitudines
1682 1623 1802 1666 hanc
1822 1623 2147 1680 descriptionis

174 1713 383 1744 normam
411 1708 645 1757 spectasse
673 1707 894 1742 censeant
910 1698 983 1755 2);
1012 1711 1167 1753 neque
1194 1707 1370 1740 temere
1399 1696 1543 1740 iidem
1575 1697 1807 1753 conjicere
1828 1697 2064 1751 videntur,
2095 1713 2147 1742 re

175 1775 359 1832 publica
388 1788 472 1830 per
498 1775 620 1815 vices
653 1783 908 1816 menstruas
941 1786 963 1812 a
998 1770 1243 1814 nobilitate
1278 1785 1380 1812 cum
1408 1785 1518 1827 rege
1547 1772 1776 1827 gerenda,
1819 1773 2147 1829 sacrificiisque

176 1850 311 1892 certis
339 1863 423 1904 pro
455 1861 508 1890 ea
529 1832 776 1899 faciendis,
807 1846 926 1888 hanc
948 1844 1306 1900 descriptionem
1329 1843 1516 1886 minime
1538 1843 1913 1890 fuissealienam.
1969 1844 2142 1890 Verum

176 1937 314 1981 quum
335 1923 448 1964 haec
467 1934 637 1979 negare
659 1920 768 1963 mihi
791 1934 890 1963 non
909 1928 978 1962 est
998 1919 1046 1960 in
1067 1919 1242 1969 animo,
1271 1927 1368 1961 tum
1389 1916 1700 1961 audacissimis
1720 1917 1780 1960 de
1800 1917 1887 1961 hac
1905 1933 1956 1962 re
1980 1919 2145 1963 vendi-

174 1998 282 2039 tatis
322 1995 600 2051 conjecturis
644 1993 914 2037 audaciores
957 1993 1094 2036 etiam
1125 1990 1301 2035 addere
1327 2004 1427 2034 non
1458 1989 1601 2034 libet:
1648 1990 1709 2034 de
1735 1991 1863 2035 hisce
1895 1993 2035 2050 igitur
2065 1992 2144 2044 alii

178 2069 394 2116 viderint.

285 2163 506 2221 Denique
529 2162 727 2207 instituti
748 2161 953 2220 vestigia,
977 2172 1096 2217 quae
1118 2149 1606 2218 posteriore'tempore
1624 2157 1910 2218 deprehendi
1933 2164 2143 2219 possunt,

173 2238 366 2283 lustrare
393 2239 655 2296 appositum
685 2234 882 2280 videturss
966 2233 1241 2278 Manserunt
1269 2231 1404 2291 igitur
1433 2232 1507 2277 vel
1536 2244 1644 2292 post
1670 2233 1816 2278 tribus
1845 2249 1871 2277 a
1905 2234 2144 2279 Clisthene

173 2323 368 2358 mutatas
396 2312 664 2370 phratorum
693 2321 740 2357 et
768 2308 1011 2369 gentilium
1038 2318 1314 2366 conventus,
1346 2307 1694 2367 eorundemque
1718 2309 1769 2353 in
1788 2309 1936 2354 causis
1960 2308 2141 2365 dejure

176 2427 457 2453 ”·“““““““
1545 2438 1567 2479 f

228 2503 290 2554 J)
317 2502 396 2539 Liv.
422 2515 479 2544 ιο,
503 2509 525 2544 8
545 2500 685 2539 Decius
704 2500 869 2553 plebejus
886 2499 1056 2552 Semper,
1086 2497 1225 2552 inquit,
1252 2496 1323 2539 ista
1339 2497 1565 2539 nuditatum
1585 2495 1732 2544 eadem,
1760 2510 1874 2551 penes
1894 2511 1960 2538 vos
1979 2496 2145 2552 auspicia

313 2588 413 2618 esse,
444 2588 511 2612 vos
532 2574 634 2612 solos
653 2586 798 2630 gentem
817 2575 955 2612 habere
975 2575 1040 2612 rel.

230 2646 287 2702 2)
314 2650 363 2684 V.
383 2650 568 2699 interpret.
591 2648 640 2686 ad
655 2651 871 2701 Harpocrat.
890 2663 925 2686 v.
942 2640 1128 2702 «γεννῆται
1144 2663 1158 2699 ;
1188 2647 1235 2686 er.
1254 2646 1357 2688 said.
1379 2662 1413 2687 v.
1437 2648 1594 2709 φατρία.
1611 2659 1648 2690 et
1662 2644 1849 2705 γεννῆται
1864 2663 1884 2704 5
1907 2646 2145 2690 Hiillmnnn'fl

311 2721 460 2773 staatsr.
486 2721 550 2762 des
568 2723 720 2763 Altertb.
738 2738 776 2777 p.
804 2733 851 2772 15
874 2737 954 2777 sqq.
1013 2725 1216 2763 Buttmann
1235 2723 1261 2762 1.
1279 2724 1306 2762 l.
1326 2737 1366 2779 p.
1387 2732 1454 2779 εξ.
